@article{netinf, 
	author= {Ahlgren, B. and Dannewitz, C. and Imbrenda, C. and Kutscher, D. and Ohlman, B.},
	title = {A survey of information-centric networking},
	journal = {IEEE Communications Magazine},
	year  = {2012}
}

@Misc{ericsson,
	title = {Ericsson - A world of communication - Ericsson},
 	note  = {Retrieved January 15th, 2013, from http://www.ericsson.com}
} 

@Misc{erlang,
	title = {Erlang Programming Language},
 	note  = {Retrieved January 15th, 2013, from http://www.erlang.org/}
} 

@Misc{android,
	author= {Android Developers (n.d.)},
	title = {Android Developers},
 	note  =  {Retrieved January 8th, 2013, from http://developer.android.com}
}

@techreport{opennetinf,
  AUTHOR =        {C.~Dannewitz, M.~Herlich, E.~Bauer, M.~Becker, F.~Beister, N.~Dertmann,
  R.~Hrestic, M.~Kionka, M.~Mohr, M.~M\"uhe, D.~Murali, F.~Steffen, S.~Stey,
  E.~Unruh, Q.~Wang, and S~Weber},
  TITLE =         {OpenNetInf Documentation Design and Implementation},
  NUMBER =        {},
  INSTITUTION =   {University of Paderborn},
  ADDRESS =       {},
  ABSTRACT =      {},
  KEYWORDS =      {},
  NOTE =          {},
  MONTH =         {September},
  YEAR  =         {2011},
  AUTHOR1_URL =   {},
  AUTHOR1_EMAIL = {},
  PAGES =         {},
  FILE  =         {},
  URL   =         {},
  CONTACT =       {}
}

@article{ICNarticle,
  author    = {Kostas Pentikousis and
               Prosper Chemouil and
               Kathleen Nichols and
               George Pavlou and
               Dan Massey},
  title     = {Information-centric networking [Guest editorial]},
  journal   = {IEEE Communications Magazine},
  volume    = {50},
  number    = {7},
  year      = {2012},
  pages     = {22-25},
  ee        = {http://dx.doi.org/10.1109/MCOM.2012.6231275},
  bibsource = {DBLP, http://dblp.uni-trier.de}
}

@book{otpInAction,
    author = {Logan, Martin and Merritt, Eric and Carlsson, Richard},
    isbn = {1933988789},
    month = nov,
    publisher = {Manning},
    title = {{Erlang and OTP in Action}},
    year = {2010}
}

@Misc{4ward,
	title = {The FP7 4WARD Project},
 	note  =  {Retrieved January 8th, 2013, from http://www.4ward-project.eu/}
}


@MastersThesis{hugomiguel,
  author     =     {H.~Otaola and M.~Sosa},
  title     =     {Using multiple transport networks in netinf enabled android devices},
  school     =     {KTH, School of Information and Communication Technology (ICT)},
  address     =     {Sweden},
  year     =     {2012}
}

@Unpublished{netinfproto,
  author     =     {D.~Kutscher, S.~Farrell, and E.~Davies},
  title     =      {The NetInf Protocol},
  year     =       {2012},
  note     =       {Handed to us by Ericsson}
}

@Unpublished{ninames,
  author     =     {S.~Farrell, D.~Kutscher, C.~Dannewitz, B.~Ohlman, A.~Keranen, P.~Hallam-Baker},
  title     =      {Naming Things with Hashes draft-farrell-decade-ni-10},
  year     =       {2012},
  note     =       {Handed to us by Ericsson}
}

@Misc{guice,
	title = {Google Guice (n.d.)},
 	note  = {Retrieved January 15, 2013, from http://code.google.com/p/google-guice/}
}
