@Unpublished{netinfproto,
	author = {D.~Kutscher, S.~Farrell, and E.~Davies},
	title = {The NetInf Protocol},
	year  = {2012},
 	note  = {Handed to us by Ericsson}
}

@article{ghodsietal, 
	author= {A.~Ghodsi, T.~Koponen, B.~Raghavan, S.~Shenker, A.~Singla, J.~Wilcox},
	title = {Information-Centric Networking: Seeing the Forest for the Trees},
	journal = {ACM HotNets-X},
	year  = {2011}
}

@manual{scrumpaper,
	author={K.~Schwaber and J.~Sutherland},
	title={The Scrum Guide},
	year={2011}
}

@MastersThesis{hugomiguel,
  author     =     {H.~Otaola and M.~Sosa},
  title     =     {Using multiple transport networks in netinf enabled android devices},
  school     =     {KTH, School of Information and Communication Technology (ICT)},
  address     =     {Sweden},
  year     =     {2012}
}

@Unpublished{netinfspecs,
  author     =     {S.~Farrell, D.~Kutscher, C.~Dannewitz, B.~Ohlman, A.~Keranen, P.~Hallam-Baker},
  title     =      {Naming Things with Hashes draft-farrell-decade-ni-10},
  year     =       {2012},
  note     =       {Handed to us by Ericsson}
}




